% Term paper bibtex template - Ilona Sparks
% CSC 300: Professional Responsibilities
% Dr. Clark Turner

%the terms like handout and texTemp are the unique identifiers you use to cite the item in your paper
@misc{starterEditionNewsRelease,
    organization = {Blizzard Entertainment},
    title = {World of Warcraft Starter Edition},
    year = {2011},
    month = {July},
    url = {http://us.battle.net/wow/en/blog/3128270},
    annote = {Used to show source of news release on free business model switch.}
}

@misc{StarterEditionFAQ,
    organization = {Blizzard Entertainment},
    title = {World of Warcraft Starter Edition},
    url = {https://us.battle.net/support/en/article/world-of-warcraft-starter-edition-account-faq},
    annote = {Used for cross-referencing restrictions on Starter Edition accounts.}
}

@article{ProblemUsageAmongHighlyEngagedPlayers,
    author = {Christopher S. Peters, M.A. and L. Alvin Malesky, Jr., Ph.D.},
    title = {Problematic Usage Among Highly-Engaged Players of Massively Multiplayer Online Role Playing Games},
    journal = {Cyberpsychology \& Behavior},
    year = {2008},
    volume = {11},
    number = {4},
    url = {http://documents.univ-lille3.fr/files/espaces/pers/21/P4721/public/21/MMO4%252021.pdf},
    annote = {Used for negative argument section and possibly analysis later.}
}

@article{JustAComputerGameRight,
    author = {Darren Chappell, Virginia Eatough, Mark N. O. Davies, and Mark Griffiths},
    title = {EverQuest-It's Just a Computer Game Right? An Interpretative Phenomenological Analysis of Online Gaming Addiction},
    journal = {Internation Journal of Mental Health and Addiction},
    year = {2006},
    volume = {4},
    url = {http://jogoremoto.com/docs/extra/QuliHE.pdf},
    annote = {Another study linking play time to addiction level.}
}

@misc{SnowlyDeath,
    url = {http://news.xinhuanet.com/english/2005-11/01/content_3714003.htm},
    title = {Death of net game addicts alert others},
    organization = {Xinhua News Agency},
    year = {2005},
    annote = {Useful to show adverse effects to WoW addiction.}
}

@misc{ShawnDeath,
    url = {http://www.cbsnews.com/stories/2002/10/17/48hours/main525965.shtml},
    title = {Addicted: Suicide Over Everquest?},
    organization = {CBS News},
    year = {2009},
    annote = {Another case of game addiction death.}
}

@book{Utilitarianism,
    author = {John Stuart Mill},
    title = {Utilitarianism},
    publisher = {Longmans, Green, And Co.},
    year = {1879},
    annote = {Used this to explain why the switch is ethical.}
}

@unpublished{WoWPlayerCount,
    author = {Luke Karmali},
    title = {Mists of Pandaria Pushes Warcraft Subs Over 10 Million},
    month = {October},
    year = {2012},
    note = {},
    url = {http://www.ign.com/articles/2012/10/04/mists-of-pandaria-pushes-warcraft-subs-over-10-million},
    annote = {Reputable source for WoW player count.}
}

@article{PlayerMotivations,
    author = {Nick Yee},
    title = {Motivations for Play in Online Games},
    journal = {Cyberpsychology \& Behavior},
    year = {2006},
    volume = {9},
    number = {6},
    url = {http://online.liebertpub.com/doi/pdfplus/10.1089/cpb.2006.9.772},
    annote = {Used for positive argument section and possibly analysis later.}
}

@article{IsThereEvidenceOfInternetAddiction,
    author = {Mark Griffiths, Ph.D.},
    title = {Does Internet and Computer "Addiction" Exist? Some Case Study Evidence},
    journal = {Cyberpsychology \& Behavior},
    year = {2000},
    volume = {3},
    number = {2},
    url = {http://faculty.mwsu.edu/psychology/dave.carlston/Writing%20in%20Psychology/Internet/4/i12.pdf},
    annote = {Used for positive argument section and possibly analysis later.},
    note = {Couldn't find a non-marked up version that was free, hope this is okay.}
}

@article{ExcessiveUseForSocialAspects,
    author = {Brian D. Ng, M.S. And Peter Wiemer-hastings, Ph.D.},
    title = {Addiction to the Internet and Online Gaming},
    journal = {Cyberpsychology \& Behavior},
    year = {2005},
    volume = {8},
    number = {2},
    url = {http://worldsofeducation.pbworks.com/f/addiction.pdf},
    annote = {Used for positive argument section and possibly analysis later.}
}

@article{YoungerAudiencesGetAddicted,
    author = {David Smahel, M.Sc., Ph.D., Lukas Blinka, M.A., and Ondrej Ledabyl, M.A.},
    title = {Playing MMORPGs: Connections between Addiction and Identifying with a Character},
    journal = {Cyberpsychology \& Behavior},
    year = {2008},
    volume = {11},
    number = {6},
    url = {http://gscfall09.pbworks.com/f/Playing%20MMORPGs.pdf},
    annote = {Used for negative argument section and possibly analysis later.}
}

@article{MMORPGSocialResponsibility,
    author = {Antonius J. Van Rooij, Gert-jan Meerkerk, Tim M. Schoenmakers, Mark Griffiths, And Dike Van De Mheen},
    title = {Video game addiciton and social responsibility},
    journal = {Addiction Research and Theory},
    year = {2010},
    volume = {18},
    number = {5},
    url = {http://myclass.peelschools.org/sec/12/36637/Lessons/social%20responsibility.pdf},
    annote = {Used for negative argument section and possibly analysis later.}
}

@misc{DefinitionOfAddiction,
    url = {http://www.asam.org/for-the-public/definition-of-addiction},
    title = {Definition of Addiction},
    organization = {American Society of Addiction Medicine},
    annote = {Outlines the definition and symptoms of addiction, useful for a concrete analysis of whether an individual is truly addicted.}
}

@article{ACMApprovesSECode,
    author = {Don Gotterbarn, Keith Miller, and Simon Rogerson},
    title = {Computer Society and ACM Approve Software Engineering Code of Ethics},
    journal = {Computer},
    year = {2000},
    annote = {Great for the definition of a software engineer.}
}

@misc{WoWSystemReqs,
    title = {World of Warcraft System Requirements},
    url = {https://us.battle.net/support/en/article/minimum-system-requirements-for-world-of-warcraft},
    annote = {Proof that WoW is a software system.}
}

@misc{SECode,
    title = {Software Engineering Code of Ethics and Professional Practice},
    url = {http://www.acm.org/about/se-code},
    annote = {I feel like this is really important for something but I can't place my finger on it...}
}

@misc{BlizzStock,
    url = {http://www.nasdaq.com/symbol/atvi},
    title = {Activision Blizzard Stock Ticker},
    annote = {Shows that Blizzard is a publicly traded company.}
}

@misc{WoWSubscription,
    url = {https://us.battle.net/support/en/article/managing-a-world-of-warcraft-subscription},
    title = {Managing a World of Warcraft Subscription},
    annote = {Shows that WoW is a subscription-based game.}
}

@misc{WoWSubPlans,
    url = {http://us.blizzard.com/store/details.xml?id=110000004},
    title = {World of Warcraft Game Time},
    annote = {These game cards are the same price as setting up a subscription. This was the only way to get a citation.}
}

@misc{BlizzGameList,
    url = {http://us.blizzard.com/en-us/games/},
    title = {Blizzard Entertainment Games},
    annote = {Used to show that Blizzard's game are not primarily subscription-based.}
}

@misc{FortyPercentAddicted,
    url = {http://web.archive.org/web/20090413003954/http://us.tomsgames.com/us/2006/08/08/world_of_warcraft_players_addicted/},
    title = {mmORPGs And Game Addiction},
    annote = {Shocking addiction prediction.}
}

@misc{CompAddictionServices,
    url = {http://www.computeraddiction.com/},
    title = {Computer Addiction Services},
    annote = {Dr. Ozark's website, used for showing she knows what she's talking about.}
}

@misc{DevWatercooler,
    url = {http://us.battle.net/wow/en/search?q=Dev%20Watercooler&f=article},
    title = {Dev Water Cooler blog posts},
    annote = {Outlines some of the interests of WoW developers.}
}

@misc{BlizzardFinances,
    url = {http://files.shareholder.com/downloads/ACTI/2339326695x0xS1047469-13-1506/718877/filing.pdf},
    title = {2012 Q4 Financial Report, Activision Blizzard},
    year = {2012},
    annote = {Blizzard is making some serious dough.}
}

@misc{BlizzardEmployeeCount,
    url = {http://www.gamasutra.com/view/news/40230/DICE_2012_Blizzards_Pearce_on_World_Of_Warcrafts_launch_hangover.php#.USxY8jDvuVo},
    title = {DICE 2012: Blizzard's Pearce on World Of Warcraft's launch hangover},
    organization = {Gamasutra},
    year = {2012},
    annote = {Used to show how many employees would lose their jobs if Blizzard collapses.}
}

@misc{WorldPopulation,
    url = {http://www.census.gov/main/www/popclock.html},
    title = {U.S. and World Population Clocks},
    annote = {Used for statistics.}
}

@article{MotivationsAndDerviedExperiences,
    title = {Running Head: MMORPG DEMOGRAPHICS, MOTIVATIONS, AND EXPERIENCES},
    author = {Nick Yee},
    journal = {Presence: Teleoperators and Virtual Environments},
    year = {2006},
    annote = {Outlines MMORPG players, great for talking about the average user.}
}

@misc{ParentsBlameWoWForDeath,
    title = {Parents blame death of son on World of Warcraft},
    url = {http://www.tgdaily.com/business-and-law-features/21757-parents-blame-death-of-son-on-world-of-warcraft#tdh5vIP0C2PvKwie.99},
    author = {Humphrey Cheung},
    annote = {One of the many sad stories of WoW related deaths.}
}

@misc{DeathAfter50Hours,
    title = {Spot On: Korea reacts to increase in game addiction},
    url = {http://au.gamespot.com/news/spot-on-korea-reacts-to-increase-in-game-addiction-6132357?sid=6132357},
    author = {John Andersen},
    annote = {One of the many sad stories of WoW related deaths.}
}

@misc{YouStoleMySwordNowYouDie,
    title = {China imposes online gaming curbs},
    url = {http://news.bbc.co.uk/2/hi/technology/4183340.stm},
    annote = {One of the many sad stories of WoW related deaths.}
}

@misc{DICEInterview,
    title = {Staying Around, Playing Around with Mike Capps, Ted Price, and Frank Pearce},
    url = {http://www.dicesummit.org/video_gallery/video_2012_mike_capps_ted_price_frank_pearce.asp},
    annote = {Frank Pierce talking about WoW addiction.},
    note = {Portion cited starts around 26 minutes in.}
}

@misc{LoadingScreenTips,
    url = {http://www.wowwiki.com/Loading_screen_tips},
    title = {Loading Screen Tips},
    annote = {Used to show that WoW is documenting addiction.}
}

@misc{SupremeCourtPublicGood,
    url = {http://caselaw.lp.findlaw.com/scripts/getcase.pl?court=us&vol=518&invol=1},
    title = {JAFFEE, SPECIAL ADMINISTRATOR FOR ALLEN, DECEASED v. REDMOND et al.},
    annote = {Supreme court case outlining mental health as a public good, SWEET!}
}