% Useful References
@article{GoingFaster,
    journal = {IEEE Software},
    title = {Going Faster: Testing The Web Application},
    author = {Edward Hieatt and Robert Mee},
    year = {2002},
    url = {http://www.ecs.csun.edu/~rlingard/COMP595VAV/GoingFaster.pdf}
}

@misc{InvariantBasedUseInterfaces,
    title = {Invariant-Based Automatic Testing of AJAX User Interfaces},
    author = {Ali Mesbah and Arie van Deursen},
    url = {http://citeseerx.ist.psu.edu/viewdoc/download?doi=10.1.1.152.9899&rep=rep1&type=pdf}, 
    year = {2009}
}

@misc{ErrorsInTheWild,
    title = {JavaScript Errors in the Wild: An Empirical Study},
    author = {Frolin S. Ocasriza Jr., Karthik Pattabiraman, and Benjamin Zorn},
    year = {2011},
    url = {http://ece.ubc.ca/~frolino/projects/jser/tech_report.pdf}
}

@misc{WebMate,
    title = {WebMate: A Tool for Testing Web 2.0 Applications},
    author = {Valentin Dallmeier, Martin Burger, Tobian Orth, and Andreas Zeller},
    year = {2012},
    url = {http://www.testfabrik.com/assets/pdf/webmate-jstools12.pdf}
}

@misc{FindingBugs,
    title = {Finding Bugs In Dynamic Web Applications},
    author = {Shay Artzi, Adam Kiezun, Julian Dolby, Frank Tip, Danny Dig, Amit Paradkar, and Michael D. Ernst},
    year = {2008},
    url = {http://dspace.mit.edu/bitstream/handle/1721.1/40249/MIT-CSAIL-TR-2008-006.pdf}
}

@inbook{BookContinuousTesting,
    title = {Continuous Testing with Ruby, Rails, and JavaScript},
    author = {Ben Rady and Rod Coffin},
    chapter = {Creating a JavaScript CT Environment},
    publisher = {The Pragmatic Bookshelf},
    year = {2011}
}

% Not-so-useful References
@misc{FrameworkForAutomatedTesting,
    title = {A Framework for Automated Testing of JavaScript Web Applications},
    author = {Shay Artzi, Julian Dolby, Simon Holm Jensen, Anders Moller, and Frank Tip},
    year = {2011},
    url = {https://cs.uwaterloo.ca/~ftip/pubs/icse2011artemis.pdf}
}

@misc{ContractDrivenTesting,
    title = {Contract-Driven Testing of JavaScript Code},
    author = {Phillip Heidegger and Peter Thiemann},
    year = {2010},
    url = {https://proglang.informatik.uni-freiburg.de/jscontest/jscontest/}
}

@inproceedings{MultiAgentSoftwareEnvironment,
    title = {A Multi-Agent Software Environment for Testing Web-based Applications},
    author = {Qingning Huo, Hong Zhu, and Sue Greenwood},
    booktitle = {International Computer Software and Applications Conference},
    year = {2003},
    url = {http://student.cse.fau.edu/~jsloan11/CEN6076/002_MasArch4Test.pdf}
}

@INPROCEEDINGS{2LayerModel, 
    author={Tonella, P. and Ricca, F.}, 
    booktitle={Telecommunications Energy Conference, 2004. INTELEC 2004. 26th Annual International}, 
    title={A 2-layer model for the white-box testing of Web applications}, 
    year={2004}
}

@misc{SecuritySelenium,
    title = {Security Testing with Selenium},
    author = {Vidar Kongsli},
    year = {2007},
    url = {http://www.kongsli.net/oopsla/OOPSLA'07%20Security%20Testing%20with%20Selenium%20v1.0.pdf}
}

@misc{JSART,
    title = {JSART: JavaScript Assertion-based Regression Testing},
    author = {Shabnam Mirshokraie and Ali Mesbah},
    year = {2012},
    url = {http://www.ece.ubc.ca/~amesbah/docs/icwe12.pdf}
}

@misc{DOMTransactions,
    title = {DOM Transactions for Testing Javascript},
    author = {Phillip Heidegger, Annette Bieniusa, and Peter Thiemann},
    year = {2010},
    url = {https://proglang.informatik.uni-freiburg.de/jscontest/trans.pdf}
}

@misc{JAWS,
    title = {JAWS: A Javascript API for the Efficient Testing and Integration of Semantic Web Services},
    author = {David A. Ostrowski},
    year = {2007},
    url = {http://ftp.informatik.rwth-aachen.de/Publications/CEUR-WS/Vol-248/paper9.pdf}
}

@inproceedings{TestingInPractice,
    title = {Testing web application in practice},
    author = {Javier Jesús Gutiérrez, Maria José Escalona, Manuel Mejías, Jesús Torres},
    booktitle = {First International Workshopl, WWV},
    year = {2005},
    url = {http://citeseerx.ist.psu.edu/viewdoc/download?doi=10.1.1.81.3910&rep=rep1&type=pdf#page=75}
}